@article{ref1,
  title={System-on-Chip Design Using High-Level Synthesis Tools},
  author={Oruklu, E. and Hanley, J. and Aslan, S. and Dweik, C. and Kilic, F.},
  journal={Computer Science},
  year={2012}
}

@misc{ref2,
  title={Floating-Point Unit - an overview},
  author={{ScienceDirect Topics}},
  howpublished={ScienceDirect Topics},
  year={2020}
}

@misc{ref3,
  title={IEEE Standard for Floating-Point Arithmetic},
  author={{IEEE Computer Society}},
  howpublished={IEEE Std 754-2019},
  month={July},
  year={2019}
}

@misc{ref4,
  title={Floating Point Processor - an overview},
  author={{ScienceDirect Topics}},
  howpublished={ScienceDirect Topics},
  year={2020}
}



@article{ref6,
  title={The Evolution Of High-Level Synthesis},
  author={Bailey, B.},
  journal={Semiconductor Engineering},
  month={August},
  day={27},
  year={2020}
}

@article{ref7,
  title={What Every Computer Scientist Should Know About Floating-Point Arithmetic},
  author={Goldberg, D.},
  journal={Oracle Documentation, Computing Surveys},
  year={1991}
}

@article{ref8,
  title={Universal and Architecture-Efficient Fast Floating-Point Adder},
  author={Jaiswal, M. K. and So, H. K. H.},
  journal={IEEE Transactions on Very Large-Scale Integration (VLSI) Systems},
  volume={27},
  number={5},
  pages={1195--1203},
  year={2019}
}

@inproceedings{ref9,
  title={Large Multipliers with Faithful Rounding on FPGAs},
  author={Dinechin, F. de and Pasca, B.},
  booktitle={Proceedings of the IEEE International Conference on Application-Specific Systems, Architectures and Processors (ASAP)},
  pages={157--164},
  year={2010}
}


@book{ref11,
  title={System Design with SystemC},
  author={Gr{\"o}tker, T. and others},
  publisher={Kluwer Academic Publishers},
  year={2002}
}

@inproceedings{ref12,
  title={Instruction Set Compiled Simulation: A Technique for Fast and Flexible Instruction Set Simulation},
  author={Reshadi, M. and others},
  booktitle={Proceedings of the Design Automation Conference (DAC)},
  pages={758--763},
  year={2003}
}

@book{ref13,
  title={Guide to Computer Processor Architecture: A RISC-V Approach, with High-Level Synthesis},
  author={Goossens, Bernard},
  series={Undergraduate Topics in Computer Science},
  publisher={Springer},
  year={2022}
}

@book{ref14,
  title={The Zynq Book: Embedded Processing with the ARM Cortex-A9 on the Xilinx Zynq-7000 All Programmable SoC},
  author={Crockett, L. H. and others},
  publisher={Strathclyde Academic Media},
  year={2014}
}

@book{ref15,
  title={Formal Verification of Floating-Point Hardware Design: A Mathematical Approach},
  author={Russinoff, David M.},
  publisher={Springer Nature Switzerland AG},
  year={2019},
  isbn={978-3-319-95512-4},
  doi={https://doi.org/10.1007/978-3-319-95513-1},
  address={Cham, Switzerland}
}

@misc{ref16,
  title={Intel SystemC Compiler User Guide (Version 1.6.13)},
  author={{Intel Corporation}},
  howpublished={\url{https://www.intel.com/content/www/us/en/docs/systemc-compiler/user-guide/1-6-13/overview.html}},
  year={2023}
}

@book{ref17,
  title={Verilog HDL: A Guide to Digital Design and Synthesis},
  author={Palnitkar, S.},
  edition={2nd},
  publisher={Prentice Hall},
  year={2003}
}

@book{ref18,
  title={ESL Design and Verification: A Prescription for Electronic System Level Methodology},
  author={Bailey, B. and others},
  publisher={Morgan Kaufmann},
  year={2007}
}

@book{ref19,
  title={The RISC-V Instruction Set Manual, Volume II: Privileged Architecture},
  author={Waterman, A. and Asanovic, K.},
  publisher={RISC-V Foundation},
  year={2021}
}

@book{ref20,
  title={Computer Architecture: A Quantitative Approach},
  author={Hennessy, J. L. and Patterson, D. A.},
  edition={6th},
  publisher={Morgan Kaufmann},
  year={2019}
}

@manual{ref21,
  title={7 Series FPGAs Data Sheet: Overview},
  author={{Xilinx Inc.}},
  number={DS180 (v2.6)},
  month={February},
  year={2018}
}

@manual{ref22,
  title={7 Series FPGAs Configurable Logic Block User Guide},
  author={{Xilinx Inc.}},
  number={UG474 (v1.8)},
  month={September},
  year={2016}
}

@book{ref23,
  title={The Design Warrior's Guide to FPGAs},
  author={Maxfield, C.},
  publisher={Newnes},
  year={2004}
}

@manual{ref24,
  title={Vivado Design Suite User Guide: Synthesis},
  author={{Xilinx Inc.}},
  number={UG901 (v2021.1)},
  month={June},
  year={2021}
}

@manual{ref25,
  title={Zybo Z7-20 Datasheet},
  author={{Digilent Inc.}},
  year={2017}
}